[gd_scene load_steps=20 format=2]

[ext_resource path="res://Sprites/Enemies/Bat.png" type="Texture" id=1]
[ext_resource path="res://Sprites/Shadows/SmallShadow.png" type="Texture" id=2]
[ext_resource path="res://Scripts/World/Bat.gd" type="Script" id=3]
[ext_resource path="res://Scenes/System/Stats.tscn" type="PackedScene" id=4]
[ext_resource path="res://Scenes/Base_Scene/Hurtbox.tscn" type="PackedScene" id=5]
[ext_resource path="res://Scenes/System/PlayerDetection.tscn" type="PackedScene" id=6]
[ext_resource path="res://Scenes/Base_Scene/Hitbox.tscn" type="PackedScene" id=7]
[ext_resource path="res://Scenes/System/Softcollision.tscn" type="PackedScene" id=8]

[sub_resource type="AtlasTexture" id=1]
atlas = ExtResource( 1 )
region = Rect2( 0, 0, 16, 24 )

[sub_resource type="AtlasTexture" id=2]
atlas = ExtResource( 1 )
region = Rect2( 16, 0, 16, 24 )

[sub_resource type="AtlasTexture" id=3]
atlas = ExtResource( 1 )
region = Rect2( 32, 0, 16, 24 )

[sub_resource type="AtlasTexture" id=4]
atlas = ExtResource( 1 )
region = Rect2( 48, 0, 16, 24 )

[sub_resource type="AtlasTexture" id=5]
atlas = ExtResource( 1 )
region = Rect2( 64, 0, 16, 24 )

[sub_resource type="SpriteFrames" id=6]
animations = [ {
"frames": [ SubResource( 1 ), SubResource( 2 ), SubResource( 3 ), SubResource( 4 ), SubResource( 5 ) ],
"loop": true,
"name": "Fly",
"speed": 12.0
} ]

[sub_resource type="CircleShape2D" id=8]
radius = 4.12311

[sub_resource type="CapsuleShape2D" id=7]
radius = 6.0
height = 14.0

[sub_resource type="CircleShape2D" id=9]
radius = 92.0054

[sub_resource type="CircleShape2D" id=10]
radius = 4.0

[sub_resource type="CircleShape2D" id=11]
radius = 5.0

[node name="Bat" type="KinematicBody2D"]
collision_layer = 8
script = ExtResource( 3 )

[node name="Stats" parent="." instance=ExtResource( 4 )]
max_health = 2

[node name="AnimatedSprite" type="AnimatedSprite" parent="."]
position = Vector2( 0, -12 )
frames = SubResource( 6 )
animation = "Fly"
frame = 4
playing = true

[node name="Shadow" type="Sprite" parent="."]
z_index = -1
texture = ExtResource( 2 )

[node name="CollisionShape2D" type="CollisionShape2D" parent="."]
shape = SubResource( 8 )

[node name="Hurtbox" parent="." instance=ExtResource( 5 )]
collision_layer = 8
collision_mask = 260
hitEffectOffset = Vector2( 0, -8 )

[node name="CollisionShape2D" parent="Hurtbox" index="0"]
position = Vector2( 0, -10 )
shape = SubResource( 7 )

[node name="PlayerDetection" parent="." instance=ExtResource( 6 )]

[node name="CollisionShape2D" parent="PlayerDetection" index="0"]
modulate = Color( 0, 0, 1, 0.27451 )
shape = SubResource( 9 )

[node name="Hitbox" parent="." instance=ExtResource( 7 )]
position = Vector2( 0, -13 )
collision_layer = 0
collision_mask = 64

[node name="CollisionShape2D" parent="Hitbox" index="0"]
position = Vector2( 0, -3 )
shape = SubResource( 10 )

[node name="Softcollision" parent="." instance=ExtResource( 8 )]

[node name="CollisionShape2D" parent="Softcollision" index="0"]
shape = SubResource( 11 )

[connection signal="no_health" from="Stats" to="." method="_on_Stats_no_health"]
[connection signal="area_entered" from="Hurtbox" to="." method="_on_Hurtbox_area_entered"]

[editable path="Hurtbox"]
[editable path="PlayerDetection"]
[editable path="Hitbox"]
[editable path="Softcollision"]
